<record><leader>00000cas a22000007a 4500</leader><controlfield tag="001">11173414</controlfield><controlfield tag="008">840919c18969999txudn ne      0   a0eng d</controlfield><datafield ind1=" " ind2=" " tag="010"><subfield code="a">sn 84007024 </subfield></datafield><datafield ind1=" " ind2=" " tag="040"><subfield code="a">NSD</subfield><subfield code="b">eng</subfield><subfield code="c">NSD</subfield><subfield code="d">PPM</subfield><subfield code="d">OCLCQ</subfield></datafield><datafield ind1=" " ind2=" " tag="012"><subfield code="m">1</subfield></datafield><datafield ind1="1" ind2=" " tag="022"><subfield code="a">8750-2518</subfield><subfield code="l">8750-2518</subfield><subfield code="2">1</subfield></datafield><datafield ind1=" " ind2=" " tag="032"><subfield code="a">133400</subfield><subfield code="b">USPS</subfield></datafield><datafield ind1=" " ind2=" " tag="037"><subfield code="b">Corsicana Daily Sun, 405 E. Collin St., Corsicana, TX 75110</subfield></datafield><datafield ind1=" " ind2=" " tag="042"><subfield code="a">nsdp</subfield></datafield><datafield ind1=" " ind2="0" tag="222"><subfield code="a">Corsicana daily sun</subfield></datafield><datafield ind1="0" ind2="0" tag="245"><subfield code="a">Corsicana daily sun.</subfield></datafield><datafield ind1=" " ind2=" " tag="260"><subfield code="a">Corsicana, Tex. :</subfield><subfield code="b">Sun-Light Pub. Co.</subfield></datafield><datafield ind1=" " ind2=" " tag="310"><subfield code="a">Daily (except Christmas)</subfield></datafield><datafield ind1=" " ind2=" " tag="321"><subfield code="a">Daily (except Saturday)</subfield></datafield><datafield ind1=" " ind2=" " tag="500"><subfield code="a">Centennial edition is undated.</subfield></datafield><datafield ind1=" " ind2=" " tag="580"><subfield code="a">Semi-weekly edition: Corsicana semi-weekly morning light.</subfield></datafield><datafield ind1=" " ind2=" " tag="588"><subfield code="a">Description based on: Vol. 3, no. 81 (May 25, 1899).</subfield></datafield><datafield ind1=" " ind2=" " tag="752"><subfield code="a">United States</subfield><subfield code="b">Texas</subfield><subfield code="c">Navarro</subfield><subfield code="d">Corsicana.</subfield></datafield><datafield ind1="1" ind2=" " tag="775"><subfield code="t">Corsicana semi-weekly morning light</subfield></datafield><datafield ind1=" " ind2=" " tag="936"><subfield code="a">Aug. 21, 1984</subfield></datafield><datafield ind1="1" ind2=" " tag="029"><subfield code="a">AU@</subfield><subfield code="b">000045278589</subfield></datafield></record>